<record><leader>00000cas a22000007a 4500</leader><controlfield tag="001">13041526</controlfield><controlfield tag="008">860121d19171927wvuwr ne      0    0eng d</controlfield><datafield ind1=" " ind2=" " tag="010"><subfield code="a">sn 86092057 </subfield></datafield><datafield ind1=" " ind2=" " tag="040"><subfield code="a">WVC</subfield><subfield code="b">eng</subfield><subfield code="c">WVC</subfield><subfield code="d">OCL</subfield><subfield code="d">OCLCQ</subfield></datafield><datafield ind1=" " ind2=" " tag="042"><subfield code="a">msc</subfield></datafield><datafield ind1="0" ind2=" " tag="130"><subfield code="a">Evening press (Princeton, W. Va.)</subfield></datafield><datafield ind1="1" ind2="4" tag="245"><subfield code="a">The evening press.</subfield></datafield><datafield ind1=" " ind2=" " tag="260"><subfield code="a">Princeton, W. Va. :</subfield><subfield code="b">Princeton Pub. Co.,</subfield><subfield code="c">1917-</subfield></datafield><datafield ind1=" " ind2=" " tag="300"><subfield code="a">v.</subfield></datafield><datafield ind1=" " ind2=" " tag="310"><subfield code="a">Weekly,</subfield><subfield code="b">Dec. 15, 1922-Oct. 1927</subfield></datafield><datafield ind1=" " ind2=" " tag="321"><subfield code="a">Daily,</subfield><subfield code="b">Apr. 2, 1917-Feb. 19, 1919</subfield></datafield><datafield ind1=" " ind2=" " tag="321"><subfield code="a">Semiweekly,</subfield><subfield code="b">Feb. 27, 1919-Dec. 8, 1922</subfield></datafield><datafield ind1="0" ind2=" " tag="362"><subfield code="a">Vol. 1, no. 1 (Apr. 2, 1917)-</subfield></datafield><datafield ind1="1" ind2=" " tag="362"><subfield code="a">Ceased in 1927?</subfield><subfield code="z">Cf. W. Va. Legislative Handbook.</subfield></datafield><datafield ind1=" " ind2=" " tag="752"><subfield code="a">United States</subfield><subfield code="b">West Virginia</subfield><subfield code="c">Mercer</subfield><subfield code="d">Princeton.</subfield></datafield><datafield ind1="0" ind2="5" tag="780"><subfield code="t">Princeton journal (Princeton, W. Va. : 1903)</subfield><subfield code="w">(DLC)sn 86092055</subfield></datafield><datafield ind1="0" ind2="0" tag="780"><subfield code="t">Princeton press (Princeton, W. Va)</subfield><subfield code="w">(DLC)sn 86092056</subfield></datafield><datafield ind1="0" ind2="0" tag="785"><subfield code="t">Princeton observer (Princeton, W. Va.)</subfield><subfield code="w">(DLC)sn 86092058</subfield></datafield><datafield ind1="1" ind2=" " tag="029"><subfield code="a">AU@</subfield><subfield code="b">000021635969</subfield></datafield></record>